<record><leader>00000cas a2200000 a 4500</leader><controlfield tag="001">50983024</controlfield><controlfield tag="008">021110cuuuu9999maumr ne      0    0araoc</controlfield><datafield ind1=" " ind2=" " tag="010"><subfield code="a">  2002222927</subfield></datafield><datafield ind1=" " ind2=" " tag="040"><subfield code="a">CLU</subfield><subfield code="b">eng</subfield><subfield code="c">CLU</subfield><subfield code="d">OCLCQ</subfield><subfield code="d">OCLCF</subfield><subfield code="d">OCLCO</subfield></datafield><datafield ind1="1" ind2=" " tag="029"><subfield code="a">AU@</subfield><subfield code="b">000024201685</subfield></datafield><datafield ind1="0" ind2=" " tag="041"><subfield code="a">araeng</subfield></datafield><datafield ind1=" " ind2=" " tag="042"><subfield code="a">pcc</subfield></datafield><datafield ind1=" " ind2=" " tag="043"><subfield code="a">n-us-ma</subfield></datafield><datafield ind1="0" ind2="0" tag="245"><subfield code="a">Profile news =</subfield><subfield code="b">Bru&#772;fa&#772;yil niyu&#772;z.</subfield></datafield><datafield ind1="3" ind2="1" tag="246"><subfield code="a">Bru&#772;fa&#772;yil niyu&#772;z</subfield></datafield><datafield ind1=" " ind2=" " tag="260"><subfield code="a">Dedham, MA :</subfield><subfield code="b">[s.n.]</subfield></datafield><datafield ind1=" " ind2=" " tag="300"><subfield code="a">v. :</subfield><subfield code="b">ill. ;</subfield><subfield code="c">43 cm.</subfield></datafield><datafield ind1=" " ind2=" " tag="310"><subfield code="a">Monthly</subfield></datafield><datafield ind1=" " ind2=" " tag="500"><subfield code="a">Published: West Roxbury, MA, Yana&#772;yir 2002-</subfield></datafield><datafield ind1=" " ind2=" " tag="546"><subfield code="a">Arabic and English.</subfield></datafield><datafield ind1=" " ind2=" " tag="588"><subfield code="a">Description based on: al-Sanah 4., al-&#699;adad 27 (Ka&#772;nu&#772;n 8., sanah 2001).</subfield></datafield><datafield ind1=" " ind2=" " tag="588"><subfield code="a">Latest issue consulted: al-Sanah 5., al-&#699;adad 44 (Yu&#772;niyu&#772; 2002).</subfield></datafield><datafield ind1=" " ind2="0" tag="651"><subfield code="a">Boston (Mass.)</subfield><subfield code="v">Newspapers.</subfield></datafield><datafield ind1=" " ind2="7" tag="655"><subfield code="a">Newspapers.</subfield><subfield code="2">fast</subfield><subfield code="0">(OCoLC)fst01423814</subfield></datafield><datafield ind1=" " ind2="7" tag="651"><subfield code="a">Massachusetts</subfield><subfield code="z">Boston.</subfield><subfield code="2">fast</subfield><subfield code="0">(OCoLC)fst01205012</subfield></datafield><datafield ind1=" " ind2=" " tag="752"><subfield code="a">United States</subfield><subfield code="b">Massachusetts</subfield><subfield code="c">Suffolk County</subfield><subfield code="d">Boston.</subfield></datafield><datafield ind1="4" ind2="1" tag="856"><subfield code="u">http://bibpurl.oclc.org/web/1741</subfield><subfield code="u">http://www.profilenews.com/</subfield></datafield></record>